@IEEEtranBSTCTL{bstctl:etal,
  CTLuse_forced_etal = {yes},
  CTLmax_names_forced_etal = {3},
}

@IEEEtranBSTCTL{bstctl:nodash,
  CTLdash_repeated_names = {no},
}

@IEEEtranBSTCTL{bstctl:simpurl,
  CTLname_url_prefix = {Available: },
}

@inproceedings{Alban,
  title={CS 224 W Final Report: Influence Networks in Popular Music},
  author={Mauricio G{\'a}mez Alb{\'a}n and Vivek Choksi and Stephanie B. Tsai},
  year={2015}
}

@inproceedings{Blondel,
    author = {Vincent D Blondel and Jean-loup Guillaume and Renaud Lambiotte and Etienne Lefebvre},
    title = {Fast unfolding of communities in large networks},
    year = {2008}
}

@inproceedings{Brandford, title={Samples by the Numbers A-Data Driven Exploration of Kanye West's Discography}, url={https://www.marcuscb.fyi/samples-by-the-numbers}, journal={MarcusCB}, author={Brandford, Marcus}}

@inproceedings{Bryan,
  title={Musical Influence Network Analysis and Rank of Sample-Based Music},
  author={Nicholas J. Bryan and Ge Wang},
  booktitle={ISMIR},
  year={2011}
}

@inproceedings{Collins2, title={M/C Journal: "Amen to That"}, url={http://journal.media-culture.org.au/0705/09-collins.php}, booktitle={M/C Journal}, author={Collins, Steve}}

@article{Gleich,
  author    = {David F. Gleich},
  title     = {PageRank beyond the Web},
  journal   = {CoRR},
  volume    = {abs/1407.5107},
  year      = {2014},
  url       = {http://arxiv.org/abs/1407.5107},
  archivePrefix = {arXiv},
  eprint    = {1407.5107},
  timestamp = {Mon, 13 Aug 2018 16:47:47 +0200},
  biburl    = {https://dblp.org/rec/bib/journals/corr/Gleich14},
  bibsource = {dblp computer science bibliography, https://dblp.org}
}

@inproceedings{Dittmar, 
author={C. {Dittmar} and K. F. {Hildebrand} and D. {Gaertner} and M. {Winges} and F. {Müller} and P. {Aichroth}}, 
booktitle={2012 Proceedings of the 20th European Signal Processing Conference (EUSIPCO)}, 
title={Audio forensics meets Music Information Retrieval — A toolbox for inspection of music plagiarism}, 
year={2012}, 
volume={}, 
number={}, 
pages={1249-1253}, 
keywords={audio signal processing;information retrieval;music;security of data;audio forensics;music information retrieval;music plagiarism inspection;semi automatic original song inspection;semi automatic suspect song inspection;Plagiarism;Rhythm;Inspection;Music information retrieval;Signal processing algorithms;Correlation;Signal processing;Music Information Retrieval;Music Plagiarism;Audio Forensics}, 
doi={}, 
ISSN={2076-1465}, 
month={Aug},}

@inproceedings{Leskovec,
  title={Link Analysis and Ranking},
  publisher={Stanford CS224W: Social and Information Network Analysis},
  author={Leskovec, Jure}
}

@article{Lawyer,
  title={Understanding the influence of all nodes in a network},
  author={Lawyer, Glenn},
  journal={Scientific reports},
  volume={5},
  pages={8665},
  year={2015},
  booktitle={Nature Publishing Group}
}

@article{Lena,
title = "Meaning and membership: samples in rap music, 1979–1995",
journal = "Poetics",
volume = "32",
number = "3",
pages = "297 - 310",
year = "2004",
note = "Music in Society: The Sociological Agenda",
issn = "0304-422X",
doi = "https://doi.org/10.1016/j.poetic.2004.05.006",
url = "http://www.sciencedirect.com/science/article/pii/S0304422X04000294",
author = "Jennifer C. Lena",
}

@inproceedings{Matplotlib,
title={Matplotlib: Python plotting}, 
publisher = {Matplotlib. BSD Free License.},
url={https://matplotlib.org/}}

@inproceedings{Collins1,
  title={Computational Analysis of Musical Influence: A Musicological Case Study Using MIR Tools.},
  author={Collins, Nick},
  booktitle={ISMIR},
  pages={177--182},
  year={2010}
}

@inproceedings{NetworkX,
title = {NetworkX: Software for complex networks},
publisher = {NetworkX. BSD Free License.},
url= {https://networkx.github.io/}
}

@article{Peitz,
title = "Why the music industry may gain from free downloading — The role of sampling",
journal = "International Journal of Industrial Organization",
volume = "24",
number = "5",
pages = "907 - 913",
year = "2006",
issn = "0167-7187",
doi = "https://doi.org/10.1016/j.ijindorg.2005.10.006",
url = "http://www.sciencedirect.com/science/article/pii/S0167718705001682",
author = "Martin Peitz and Patrick Waelbroeck",
}

@article{Somoano,
 ISSN = {10863818},
 URL = {http://www.jstor.org/stable/24119549},
 author = {M. Leah Somoano},
 journal = {Berkeley Technology Law Journal},
 number = {1},
 pages = {289--309},
 booktitle = {Temporary booktitle},
 title = {Bridgeport Music, Inc. v. Dimension Films: Has Unlicensed Digital Sampling of Copyrighted Sound Recordings Come to an End?},
 volume = {21},
 year = {2006}
}

@article{South,
  title={Network Analysis of the Spotify Artist Collaboration Graph},
  journal = "AMSI Vacation Research Scholarships",
  author={South, Tobin},
  year = {2018}
}

@ARTICLE{Tzanetakis, 
author={G. {Tzanetakis} and P. {Cook}}, 
journal={IEEE Transactions on Speech and Audio Processing}, 
title={Musical genre classification of audio signals}, 
year={2002}, 
volume={10}, 
number={5}, 
pages={293-302}, 
doi={10.1109/TSA.2002.800560}, 
ISSN={1063-6676}, 
month={July},}

@inproceedings{Balen,
  title={Automatic identification of samples in hip hop music},
  author={van Balen, JMH and Haro, Mart{\i}n and Serra, Joan},
  booktitle={Proceedings of the 9th International Symposium on Computer Music Modeling and Retrieval (CMMR)},
  pages={544--551},
  year={2012}
}

@INPROCEEDINGS{Wang, 
author={T. {Wang} and Y. {Chen} and Z. {Zhang} and T. {Xu} and L. {Jin} and P. {Hui} and B. {Deng} and X. {Li}}, 
booktitle={2011 31st International Conference on Distributed Computing Systems Workshops}, 
title={Understanding Graph Sampling Algorithms for Social Network Analysis}, 
year={2011}, 
volume={}, 
number={}, 
pages={123-128}, 
doi={10.1109/ICDCSW.2011.34}, 
ISSN={2332-5666}, 
month={June},}

@inproceedings{WhoSampled,
title = {WhoSampled.com: Sample-Based Music Discovery Database},
publisher = {WhoSampled},
url= {https://www.whosampled.com/}
}

@article{Youngblood,
    author = {Youngblood, Mason},
    journal = {PLOS ONE},
    booktitle = {Public Library of Science},
    title = {Cultural transmission modes of music sampling traditions remain stable despite delocalization in the digital age},
    year = {2019},
    month = {02},
    volume = {14},
    url = {https://doi.org/10.1371/journal.pone.0211860},
    pages = {1-12},
    doi = {10.1371/journal.pone.0211860}
}

@article{Watson,
author = {Watson, Allan},
title = {The world according to iTunes: mapping urban networks of music production},
journal = {Global Networks},
volume = {12},
number = {4},
pages = {446-466},
keywords = {GLOBAL CITY, URBAN NETWORKS, MARKET-BASED PROJECTS, SOCIAL NETWORK ANALYSIS, MUSIC INDUSTRY, RECORDING STUDIOS, ITUNES},
doi = {10.1111/j.1471-0374.2011.00357.x},
year = {2012}
}

@article{Zinoviev,
  author    = {Dmitry Zinoviev},
  title     = {Networks of Music Groups as Success Predictors},
  journal   = {CoRR},
  volume    = {abs/1709.08995},
  year      = {2017},
  url       = {http://arxiv.org/abs/1709.08995},
  archivePrefix = {arXiv},
  eprint    = {1709.08995},
  timestamp = {Mon, 13 Aug 2018 16:48:46 +0200},
}